<collection xmlns="http://www.loc.gov/MARC21/slim">
<record>
  <leader>02777nam0a2200409 i 450 </leader>
  <controlfield tag="001">IT\ICCU\CNCE\034823</controlfield>
  <controlfield tag="005">20160322000000.0</controlfield>
  <datafield tag="012" ind1=" " ind2=" ">
    <subfield code="a">4.4. 2.e- uiuo Deir (3) 1513 (R)</subfield>
    <subfield code="2">fei</subfield>
  </datafield>
  <datafield tag="100" ind1=" " ind2=" ">
    <subfield code="a">19980107d1513        0itac0103    ba</subfield>
  </datafield>
  <datafield tag="101" ind1=" " ind2=" ">
    <subfield code="a">LAT</subfield>
  </datafield>
  <datafield tag="102" ind1=" " ind2=" ">
    <subfield code="a">IT</subfield>
  </datafield>
  <datafield tag="200" ind1="1" ind2=" ">
    <subfield code="a">℗Hoc in uolumine haec continentur. Laurentii Vallensis ℗Elegantiae de lingua Latina. Laurentii Vallensis De pronomine sui ad Ioannem Tortelium. Laurentii Vallensis Lima quaedam per Antonium Mancinellum. Haec omnia studiose &amp; diligentissime castigata. Multa quae passim deerat addita; loca pleraque sic antea in versa vt percipi nullo modo possent restituita; Graecae vbique dictiones &amp; quae desiderabantur addita &amp; quae inuersae ac deprauatae fuerant emendatae. Insuper habes candide lector omnium vocabulorum quae passim sparsa sunt &amp; in margine repositorum tabulam per ordinem alphabeti diligenti cura compilatam</subfield>
  </datafield>
  <datafield tag="210" ind1=" " ind2=" ">
    <subfield code="a">\Venezia</subfield>
    <subfield code="c">Giovanni Tacuino!</subfield>
    <subfield code="e">Impressum Venetiis</subfield>
    <subfield code="g">per Ioannem Tacuinum de Cereto de Tridino</subfield>
    <subfield code="h">1513 die ix mensis Iunii</subfield>
  </datafield>
  <datafield tag="215" ind1=" " ind2=" ">
    <subfield code="a">\6!, XCVII, \1! c.</subfield>
    <subfield code="d">fol</subfield>
  </datafield>
  <datafield tag="620" ind1=" " ind2=" ">
    <subfield code="a">IT</subfield>
    <subfield code="d">Venezia</subfield>
  </datafield>
  <datafield tag="700" ind1=" " ind2="1">
    <subfield code="a">Valla,</subfield>
    <subfield code="b">Lorenzo</subfield>
    <subfield code="3">IT\ICCU\CNCA\000045</subfield>
  </datafield>
  <datafield tag="702" ind1=" " ind2="1">
    <subfield code="a">Mancinelli,</subfield>
    <subfield code="b">Antonio</subfield>
    <subfield code="3">IT\ICCU\CNCA\001005</subfield>
  </datafield>
  <datafield tag="712" ind1="0" ind2="0">
    <subfield code="a">Tacuino, Giovanni</subfield>
    <subfield code="3">IT\ICCU\CNCT\000206</subfield>
    <subfield code="4">650</subfield>
  </datafield>
  <datafield tag="790" ind1=" " ind2="1">
    <subfield code="a">Mancinellus,</subfield>
    <subfield code="b">Antonius</subfield>
    <subfield code="3">IT\ICCU\CNCA\019612</subfield>
    <subfield code="z">Mancinelli, Antonio</subfield>
  </datafield>
  <datafield tag="791" ind1="0" ind2="0">
    <subfield code="a">Cereto, Ioannes de</subfield>
    <subfield code="3">IT\ICCU\CNCT\002713</subfield>
    <subfield code="z">Tacuino, Giovanni</subfield>
  </datafield>
  <datafield tag="791" ind1="0" ind2="2">
    <subfield code="a">Ioannes de Cereto de Tridino</subfield>
    <subfield code="3">IT\ICCU\CNCT\002724</subfield>
    <subfield code="z">Tacuino, Giovanni</subfield>
  </datafield>
  <datafield tag="791" ind1="0" ind2="0">
    <subfield code="a">Tacuinus, Ioannes</subfield>
    <subfield code="3">IT\ICCU\CNCT\005546</subfield>
    <subfield code="z">Tacuino, Giovanni</subfield>
  </datafield>
  <datafield tag="801" ind1=" " ind2="3">
    <subfield code="a">IT</subfield>
    <subfield code="b">ICCU</subfield>
    <subfield code="c">20201114</subfield>
  </datafield>
  <datafield tag="899" ind1=" " ind2=" ">
    <subfield code="a">Biblioteca del Reale Collegio di Spagna. Bologna</subfield>
    <subfield code="1">BO0374</subfield>
    <subfield code="2">ZBO 04</subfield>
  </datafield>
  <datafield tag="899" ind1=" " ind2=" ">
    <subfield code="a">Biblioteca comunale Augusta. Perugia</subfield>
    <subfield code="1">PG0109</subfield>
    <subfield code="2">UM1 01</subfield>
  </datafield>
  <datafield tag="899" ind1=" " ind2=" ">
    <subfield code="a">Biblioteca civica Carlo Bonetta. Pavia</subfield>
    <subfield code="1">PV0071</subfield>
    <subfield code="2">PAV 01</subfield>
  </datafield>
  <datafield tag="899" ind1=" " ind2=" ">
    <subfield code="a">Biblioteca comunale Salvatore Quasimodo. Modica</subfield>
    <subfield code="1">RG0007</subfield>
    <subfield code="2">ZRG 01</subfield>
  </datafield>
  <datafield tag="899" ind1=" " ind2=" ">
    <subfield code="a">Biblioteca Vallicelliana. Roma</subfield>
    <subfield code="1">RM0281</subfield>
    <subfield code="2">RML 08</subfield>
  </datafield>
  <datafield tag="899" ind1=" " ind2=" ">
    <subfield code="a">Biblioteca comunale. Trento</subfield>
    <subfield code="1">TN0121</subfield>
    <subfield code="2">ZTN 01</subfield>
  </datafield>
  <datafield tag="899" ind1=" " ind2=" ">
    <subfield code="a">Biblioteca Diocesana Vigilianum. Trento</subfield>
    <subfield code="1">TN0132</subfield>
    <subfield code="2">ZTN 10</subfield>
  </datafield>
  <datafield tag="899" ind1=" " ind2=" ">
    <subfield code="a">Biblioteca diocesana  Beata Lucia Broccadelli. Narni</subfield>
    <subfield code="1">TR0059</subfield>
    <subfield code="2">UM1 77</subfield>
  </datafield>
  <datafield tag="899" ind1=" " ind2=" ">
    <subfield code="a">Biblioteca nazionale Marciana. Venezia</subfield>
    <subfield code="1">VE0049</subfield>
    <subfield code="2">VEA BM</subfield>
  </datafield>
  <datafield tag="899" ind1=" " ind2=" ">
    <subfield code="a">Biblioteca consorziale di Viterbo. Viterbo</subfield>
    <subfield code="1">VT0116</subfield>
    <subfield code="2">RMS B3</subfield>
  </datafield>
  <datafield tag="911" ind1=" " ind2=" ">
    <subfield code="a">sul front.</subfield>
    <subfield code="9">IT\ICCU\CNCM\000018</subfield>
  </datafield>
  <datafield tag="911" ind1=" " ind2=" ">
    <subfield code="a">In fine</subfield>
    <subfield code="9">IT\ICCU\CNCM\000237</subfield>
  </datafield>
  <datafield tag="921" ind1=" " ind2=" ">
    <subfield code="a">IT\ICCU\CNCM\000018</subfield>
    <subfield code="b">S. Giovanni Battista con la croce e accanto l&apos;agnello. Nella destra porta un nastro con il motto</subfield>
    <subfield code="e">Ecce agnus</subfield>
    <subfield code="c">Z674</subfield>
    <subfield code="f">AGNELLO</subfield>
    <subfield code="f">BATTISTA</subfield>
    <subfield code="f">CROCE</subfield>
    <subfield code="f">ECCEAGNUS</subfield>
    <subfield code="f">PASTORE</subfield>
    <subfield code="g">1512-1540</subfield>
  </datafield>
  <datafield tag="921" ind1=" " ind2=" ">
    <subfield code="a">IT\ICCU\CNCM\000237</subfield>
    <subfield code="b">Cerchi concentrici con croce doppia e iniziali Z.T.</subfield>
    <subfield code="c">A91</subfield>
    <subfield code="c">V486</subfield>
    <subfield code="c">Z326</subfield>
    <subfield code="d">Dimensioni: 5,4 x 6,8</subfield>
    <subfield code="f">CERCHIO</subfield>
    <subfield code="f">CROCE</subfield>
    <subfield code="f">ZT</subfield>
    <subfield code="g">1501-1520</subfield>
  </datafield>
</record>
</collection>
